@article{knuth84,
  author = {Knuth, Donald E.},
  title = {Literate Programming},
  year = {1984},
  issue_date = {May 1984},
  publisher = {Oxford University Press, Inc.},
  address = {USA},
  volume = {27},
  number = {2},
  issn = {0010-4620},
  url = {https://doi.org/10.1093/comjnl/27.2.97},
  doi = {10.1093/comjnl/27.2.97},
  journal = {Comput. J.},
  month = may,
  pages = {97–111},
  numpages = {15}
}



@misc{zahajská2024,
	title = {Hyperspectral Imaging of cake},
	author = {{Zahajská}, Petra and Wienhues, Giulia and Schaad, Emmanuel and Witz, Guillaume},
	year = {2024},
	month = {10},
	date = {2024-10-13},
	publisher = {Zenodo},
	doi = {10.5281/ZENODO.13925618},
	url = {https://zenodo.org/doi/10.5281/zenodo.13925618}
}
